@inproceedings{klimt2004introducing,
	title={Introducing the Enron corpus.},
	author={Klimt, Bryan and Yang, Yiming},
	booktitle={CEAS},
	year={2004}
}

@book{parker2002official,
	title={The Official Patient's Sourcebook on Spinal Stenosis},
	author={Parker, Philip M},
	year={2002},
	publisher={Icon Group International Incorporated}
}

@book{parkerfromage,
	title={The 2009-2014 World Outlook for 60-milligram Containers of Fromage Frais},
	author={Parker, Philip M},
	year={2008},
	publisher={Icon Group International Incorporated}
}

@book{parkerrugs,
	title={The 2007-2012 Outlook for Tufted Washable Scatter Rugs, Bathmats, and Sets That Measure 6-Feet by 9-Feet or Smaller in India},
	author={Parker, Philip M},
	year={2006},
	publisher={Icon Group International Incorporated}
}

@book{parkerquechua,
	title={Webster’s Quechua - English Thesaurus Dictionary},
	author={Parker, Philip M},
	year={2008},
	publisher={Icon Group International Incorporated}
}

@book{hutchins2009introduction,
	title={An introduction to machine translation},
	author={Hutchins, W John and Somers, Harold L},
	year={2009}
}

@book{oettinger2013automatic,
	title={Automatic language translation},
	author={Oettinger, Anthony G},
	year={2013},
	publisher={Harvard University Press}
}

@book{nenkova2011automatic,
	title={Automatic summarization},
	author={Nenkova, Ani and McKeown, Kathleen},
	year={2011},
	publisher={Now Publishers Inc}
}

@article{mani2001automatic,
	title={Automatic summarization},
	author={Mani, Inderjeet and Maybury, Mark T},
	year={2001},
	publisher={J. Benjamins Publishing Company New York, USA}
}

@article{siddharthan2014survey,
	title={A survey of research on text simplification},
	author={Siddharthan, Advaith},
	journal={ITL-International Journal of Applied Linguistics},
	volume={165},
	number={2},
	pages={259--298},
	year={2014},
	publisher={John Benjamins}
}

@incollection{bautista2011empirical,
	title={Empirical identification of text simplification strategies for reading-impaired people},
	author={Bautista, Susana and Le{\'o}n, Carlos and Herv{\'a}s, Raquel and Gerv{\'a}s, Pablo},
	booktitle={Everyday Technology for Independence and Care},
	pages={567--574},
	year={2011},
	publisher={IOS Press}
}

@inproceedings{macdonald2016summarising,
	title={Summarising news stories for children},
	author={Macdonald, Iain and Siddharthan, Advaith},
	year={2016},
	organization={ACL}
}

@article{kukich1992techniques,
	title={Techniques for automatically correcting words in text},
	author={Kukich, Karen},
	journal={Acm Computing Surveys (CSUR)},
	volume={24},
	number={4},
	pages={377--439},
	year={1992},
	publisher={ACM New York, NY, USA}
}

@inproceedings{ng2014conll,
	title={The CoNLL-2014 shared task on grammatical error correction},
	author={Ng, Hwee Tou and Wu, Siew Mei and Briscoe, Ted and Hadiwinoto, Christian and Susanto, Raymond Hendy and Bryant, Christopher},
	booktitle={Proceedings of the Eighteenth Conference on Computational Natural Language Learning: Shared Task},
	pages={1--14},
	year={2014}
}

@inproceedings{bartoli2016your,
	title={Your paper has been accepted, rejected, or whatever: Automatic generation of scientific paper reviews},
	author={Bartoli, Alberto and De Lorenzo, Andrea and Medvet, Eric and Tarlao, Fabiano},
	booktitle={International Conference on Availability, Reliability, and Security},
	pages={19--28},
	year={2016},
	organization={Springer}
}

@inproceedings{bannard2005paraphrasing,
	title={Paraphrasing with bilingual parallel corpora},
	author={Bannard, Colin and Callison-Burch, Chris},
	booktitle={Proceedings of the 43rd Annual Meeting of the Association for Computational Linguistics (ACL’05)},
	pages={597--604},
	year={2005}
}

@inproceedings{brown2005automatic,
	title={Automatic question generation for vocabulary assessment},
	author={Brown, Jonathan and Frishkoff, Gwen and Eskenazi, Maxine},
	booktitle={Proceedings of Human Language Technology Conference and Conference on Empirical Methods in Natural Language Processing},
	pages={819--826},
	year={2005}
}

@inproceedings{gervas2004story,
	title={Story plot generation based on CBR},
	author={Gerv{\'a}s, Pablo and D{\'\i}az-Agudo, Bel{\'e}n and Peinado, Federico and Herv{\'a}s, Raquel},
	booktitle={International Conference on Innovative Techniques and Applications of Artificial Intelligence},
	pages={33--46},
	year={2004},
	organization={Springer}
}

@article{goldberg1994using,
	title={Using natural-language processing to produce weather forecasts},
	author={Goldberg, Eli and Driedger, Norbert and Kittredge, Richard I},
	journal={IEEE Expert},
	volume={9},
	number={2},
	pages={45--53},
	year={1994},
	publisher={IEEE}
}

@article{ramos2014linguistic,
	title={Linguistic descriptions for automatic generation of textual short-term weather forecasts on real prediction data},
	author={Ramos-Soto, Alejandro and Bugarin, Alberto Jose and Barro, Sen{\'e}n and Taboada, Juan},
	journal={IEEE Transactions on Fuzzy Systems},
	volume={23},
	number={1},
	pages={44--57},
	year={2014},
	publisher={IEEE}
}

@inproceedings{plachouras2016interacting,
	title={Interacting with financial data using natural language},
	author={Plachouras, Vassilis and Smiley, Charese and Bretz, Hiroko and Taylor, Ola and Leidner, Jochen L and Song, Dezhao and Schilder, Frank},
	booktitle={Proceedings of the 39th International ACM SIGIR conference on Research and Development in Information Retrieval},
	pages={1121--1124},
	year={2016}
}

@article{yu2007choosing,
	title={Choosing the content of textual summaries of large time-series data sets},
	author={Yu, Jin and Reiter, Ehud and Hunter, Jim and Mellish, Chris},
	journal={Natural Language Engineering},
	volume={13},
	number={1},
	pages={25--49},
	year={2007},
	publisher={Cambridge University Press}
}

@article{portet2009automatic,
	title={Automatic generation of textual summaries from neonatal intensive care data},
	author={Portet, Fran{\c{c}}ois and Reiter, Ehud and Gatt, Albert and Hunter, Jim and Sripada, Somayajulu and Freer, Yvonne and Sykes, Cindy},
	journal={Artificial Intelligence},
	volume={173},
	number={7-8},
	pages={789--816},
	year={2009},
	publisher={Elsevier}
}

@article{theune2001data,
	title={From data to speech: a general approach},
	author={Theune, Mari{\"e}t and Klabbers, Esther and de Pijper, Jan-Roelof and Krahmer, Emiel and Odijk, Jan},
	journal={Natural Language Engineering},
	volume={7},
	number={1},
	pages={47--86},
	year={2001},
	publisher={Cambridge University Press}
}

@inproceedings{chen2008learning,
	title={Learning to sportscast: a test of grounded language acquisition},
	author={Chen, David L and Mooney, Raymond J},
	booktitle={Proceedings of the 25th international conference on Machine learning},
	pages={128--135},
	year={2008}
}

@article{huske2003text,
	title={Text generation in clinical medicine--a review},
	author={H{\"u}ske-Kraus, Dirk},
	journal={Methods of information in medicine},
	volume={42},
	number={01},
	pages={51--60},
	year={2003},
	publisher={Schattauer GmbH}
}

@inproceedings{banaee2013towards,
	title={Towards NLG for physiological data monitoring with body area networks},
	author={Banaee, Hadi and Ahmed, Mobyen Uddin and Loutfi, Amy},
	booktitle={14th European Workshop on Natural Language Generation, Sofia, Bulgaria, August 8-9, 2013},
	pages={193--197},
	year={2013}
}

@article{gervas2014composing,
	title={Composing narrative discourse for stories of many characters: a case study over a chess game},
	author={Gerv{\'a}s, Pablo},
	journal={Literary and Linguistic Computing},
	volume={29},
	number={4},
	pages={511--531},
	year={2014},
	publisher={Oxford University Press}
}

@inproceedings{molina2011generating,
	title={Generating automated news to explain the meaning of sensor data},
	author={Molina, Martin and Stent, Amanda and Parodi, Enrique},
	booktitle={International Symposium on Intelligent Data Analysis},
	pages={282--293},
	year={2011},
	organization={Springer}
}

@inproceedings{siddharthan2012blogging,
	title={Blogging birds: Generating narratives about reintroduced species to promote public engagement},
	author={Siddharthan, Advaith and Green, Matthew James and Van Deemter, Kees and Mellish, Christopher Stuart and Van Der Wal, Rene},
	booktitle={Proceedings of the 7th International Natural Language Generation Conference (INLG 2012)},
	year={2012},
	organization={ACL Anthology}
}

@inproceedings{ponnamperuma2013tag2blog,
	title={Tag2blog: Narrative generation from satellite tag data},
	author={Ponnamperuma, Kapila and Siddharthan, Advaith and Zeng, Cheng and Mellish, Chris and Van Der Wal, Ren{\'e}},
	booktitle={Proceedings of the 51st annual meeting of the association for computational linguistics: System demonstrations},
	pages={169--174},
	year={2013}
}

@article{wanner2015getting,
	title={Getting the environmental information across: from the Web to the user},
	author={Wanner, Leo and Bosch, Harald and Bouayad-Agha, Nadjet and Casamayor, Gerard and Ertl, Thomas and Hilbring, D{\'e}sir{\'e}e and Johansson, Lasse and Karatzas, Kostas and Karppinen, Ari and Kompatsiaris, Ioannis and others},
	journal={Expert Systems},
	volume={32},
	number={3},
	pages={405--432},
	year={2015},
	publisher={Wiley Online Library}
}

@article{van2016role,
	title={The role of automated feedback in training and retaining biological recorders for citizen science},
	author={Van der Wal, Rene and Sharma, Nirwan and Mellish, Chris and Robinson, Annie and Siddharthan, Advaith},
	journal={Conservation Biology},
	volume={30},
	number={3},
	pages={550--561},
	year={2016},
	publisher={Wiley Online Library}
}

@article{stock2007adaptive,
	title={Adaptive, intelligent presentation of information for the museum visitor in PEACH},
	author={Stock, Oliviero and Zancanaro, Massimo and Busetta, Paolo and Callaway, Charles and Kr{\"u}ger, Antonio and Kruppa, Michael and Kuflik, Tsvi and Not, Elena and Rocchi, Cesare},
	journal={User Modeling and User-Adapted Interaction},
	volume={17},
	number={3},
	pages={257--304},
	year={2007},
	publisher={Springer}
}

@article{gatt2018survey,
	title={Survey of the state of the art in natural language generation: Core tasks, applications and evaluation},
	author={Gatt, Albert and Krahmer, Emiel},
	journal={Journal of Artificial Intelligence Research},
	volume={61},
	pages={65--170},
	year={2018}
}

@book{biblia,
	author = {Reiter, Ehud and Dale, Robert},
	title = {Building Natural Language Generation Systems},
	year = {2020},
	isbn = {9780521620369},
	publisher = {Cambridge University Press},
	location = {UK}
}

@article{mitfg,
	title={A model for stylometric analysis of e-mails for recipient-based personalised writing},
	author={Moreno Morera, Carlos},
	year={2020}
}